%% This BibTeX bibliography file was created using BibDesk.
%% http://bibdesk.sourceforge.net/

%% Created for AZAMUKE DENISH at 2018-03-11 19:32:50 +0300 


%% Saved with string encoding Unicode (UTF-8) 



@misc{harrell1997method,
	Author = {Harrell, John W and Johnson, Michael H and Turick, Daniel J and Watkins, Larry A},
	Date-Added = {2018-03-11 16:27:44 +0000},
	Date-Modified = {2018-03-11 16:27:44 +0000},
	Month = sep # {~16},
	Note = {US Patent 5,667,023},
	Publisher = {Google Patents},
	Title = {Method and apparatus for drilling and completing wells},
	Year = {1997}}

@misc{zheng2013nearby,
	Author = {Zheng, Yu and Agarwal, Sharad and Hehmeyer, Alex},
	Date-Added = {2018-03-11 16:25:38 +0000},
	Date-Modified = {2018-03-11 16:25:38 +0000},
	Month = sep # {~3},
	Note = {US Patent 8,526,969},
	Publisher = {Google Patents},
	Title = {Nearby contact alert based on location and context},
	Year = {2013}}

@misc{baumert2011system,
	Author = {Baumert, David W and Woodman, Aaron F and Goldthwaite, Flora P and Cluts, Jonathan and Heath, Pamela J},
	Date-Added = {2018-03-11 16:23:23 +0000},
	Date-Modified = {2018-03-11 16:23:23 +0000},
	Month = aug # {~9},
	Note = {US Patent 7,996,514},
	Publisher = {Google Patents},
	Title = {System and method for sharing information based on proximity},
	Year = {2011}}

@article{doshi2014location,
	Author = {Doshi, Pankti and Jain, Pooja and Shakwala, Abhishek},
	Date-Added = {2018-03-11 16:20:08 +0000},
	Date-Modified = {2018-03-11 16:20:08 +0000},
	Journal = {ISSN International Journal Of Engineering And Computer Science},
	Number = {3},
	Pages = {5072--5077},
	Title = {Location based services and integration of google maps in android},
	Volume = {3},
	Year = {2014}}

@article{mcalexander2003using,
	Author = {McAlexander, Patricia J},
	Date-Added = {2018-03-11 16:18:03 +0000},
	Date-Modified = {2018-03-11 16:18:03 +0000},
	Journal = {Curriculum transformation and disability: Implementing Universal Design in higher education},
	Pages = {105--114},
	Title = {Using principles of Universal Design in college composition courses},
	Year = {2003}}
